Journals:

@string{ ACHA            = "Appl. Comput. Harm. Anal."}
@string{ ANNM            = "Ann. of Math."}
@string{ ANNMS           = "Ann. of Math. Statist."}
@string{ ANNP            = "Ann. Probab."}
@string{ BSTJ            = "Bell Syst. Tech. J."}
@string{ CACM            = "Comm. ACM"}
@string{ CCR             = "Comp. Comm. Rev."}
@string{ Computer        = "Computer"}
@string{ IEEE-Proc       = "Proc. IEEE"}
@string{ IRE-Proc        = "Proc. IRE"}
@string{ IEEE-Network    = "IEEE Network"}
@string{ IEEE-JSAC       = "IEEE J. Sel. Areas Comm."}
@string{ IEEE-SP-Let     = "IEEE Sig. Proc. Let."}
@string{ IEEE-SP-Mag     = "IEEE Sig. Proc. Mag."}
@string{ IEEE-Trans-AC   = "IEEE Trans. Automat. Control"}
@string{ IEEE-Trans-ASSP = "IEEE Trans. Acoust. Speech Signal Proc."} 
@string{ IEEE-Trans-CE   = "IEEE Trans. Consum. Electron."}
@string{ IEEE-Trans-CS   = "IEEE Trans. Circuits Syst."}
@string{ IEEE-Trans-CS2  = "IEEE Trans. Circuits Syst.--II: Anal. Dig. Sig. Proc."}
@string{ IEEE-Trans-CSVT = "IEEE Trans. Circuits Syst. Video Technol."}
@string{ IEEE-Trans-Comm = "IEEE Trans. Comm."}
@string{ IEEE-Trans-CommSys = "IEEE Trans. Commun. Syst."}
@string{ IEEE-Trans-Comp = "IEEE Trans. Comp."}
@string{ IEEE-Trans-IM   = "IEEE Trans. Intrum. Meas."}
@string{ IEEE-Trans-IP   = "IEEE Trans. Image Proc."}
@string{ IEEE-Trans-IT   = "IEEE Trans. Inform. Th."}
@string{ IRE-Trans-IT    = "IRE Trans. Inform. Th."}
@string{ IEEE-Trans-Mm   = "IEEE Trans. Multimedia"}
@string{ IEEE-ACM-Network = "IEEE/ACM Trans. Networking"}
@string{ IEEE-ITSoc-News = "IEEE Inform. Th. Soc. Newsletter"}
@string{ IEEE-Trans-PAMI = "IEEE Trans. Pattern Anal. and Mach. Int."}
@string{ IEEE-Trans-SAP  = "IEEE Trans. Speech Audio Proc."}
@string{ IEEE-Trans-SP   = "IEEE Trans. Signal Proc."}
@string{ IEEE-Trans-SMC  = "IEEE Trans. on Syst. Man and Cybernetics"}
@string{ IEEE-Trans-SMC3 = "IEEE Trans. on Syst. Man and
                            Cybernetics--Pt.\ C: Appl. \& Rev."}
@string{ JASA            = "J. Amer. Stat. Assoc."}
@string{ JFAA            = "J. Fourier Anal. Appl."}
@string{ PAMS            = "Proc. Amer. Math. Soc."}
@string{ PPI             = "Probl. Peredach. Inform."}
@string{ SP              = "Signal Proc."}
@string{ TAMS            = "Trans. Amer. Math. Soc."}
@string{ TPA             = "Theory Probab. Appl."}

Conferences:

@string{ asilomar   = "Conf. Rec. Asilomar Conf. on Sig., Sys. \& Computers"}
@string{ asilomar-loc = "Pacific Grove, CA"}
@string{ acc        = "Proc. IEEE Amer. Contr. Conf."}
@string{ cdc        = "Proc. IEEE Conf. Dec. \& Contr."}
@string{ ciss            = "Proc. Conf. on Inform. Sci. \& Sys."}
@string{ dcc             = "Proc. IEEE Data Compression Conf."}
@string{ dcc-eds         = ""}
@string{ dcc-pub         = ""}
@string{ dcc-loc         = "Snowbird, Utah"}
@string{ icaos96         = "Proc. 12th Int. Conf. Anal. \& Opt. of Sys.: Images, Wavelets \& PDE's"}
@string{ icassp     = "Proc. IEEE Int. Conf. Acoust., Speech, and Signal Proc."}
@string{ icc        = "Proc. IEEE Int. Conf. Comm."}
@string{ icip       = "Proc. IEEE Int. Conf. Image Proc."}
@string{ isit       = "Proc. IEEE Int. Symp. Inform. Th."}
@string{ ist-spie        = "Proc. IS~\&~T/SPIE"}
@string{ nossdav98       = "Proc. 8th Int. Workshop Netw. Operating Syst. Supp.
                            for Dig. Aud. Vid. (NOSSDAV)"}
@string{ nossdav99       = "Proc. 9th Int. Workshop Netw. Operating Syst. Supp.
                            for Dig. Aud. Vid. (NOSSDAV)"}
@string{ vcip            = "Proc. SPIE Conf. on Vis. Commun. and Image Proc."}
@string{ wavx            = "Proc. Wavelets: Appl. in Sig. \& Image Proc. X,
                            part of SPIE Int. Symp. on Optical Sci. \& Tech."}

         { dcc-eds         = "J. A. Storer and M. Cohn"}
         { dcc-pub         = "IEEE Comp. Soc. Press"}

Other:

@STRING{ kluwer          = "Kluwer Acad. Pub."}
@STRING{ icsi            = "Int. Comp. Sci. Instit."}

@preamble{ "\newcommand{\SortNoop}[1]{} " }

------------------------------------------------------------------------
 
@ARTICLE{Article,
        AUTHOR =        {},
        TITLE =         {},
        JOURNAL =       {},
        Volume =        {},
        Number =        {},
        Pages =         {},
        Month =         {},
        YEAR =          {},
        Note =          {},
        summary =       {}
        }
@BOOK{Book,
        AUTHOR =        {},
        editor =        {},
        TITLE =         {},
        PUBLISHER =     {},
        YEAR =          {},
        Volume =        {},
        number =        {},
        Series =        {},
        Address =       {},
        Edition =       {},
        Month =         {},
        Note =          {},
        summary =       {}
        }
@BOOKLET{Booklet,
        TITLE =         {},
        Author =        {},
        Howpublished =  {},
        Address =       {},
        Month =         {},
        Year =          {},
        Note =          {},
        summary =       {}
        }
@INBOOK{Inbook,
        AUTHOR =        {},
        editor =        {},
        TITLE =         {},
        CHAPTER =       {},
        pages =         {},
        PUBLISHER =     {},
        YEAR =          {},
        Volume =        {},
        number =        {},
        Series =        {},
        Type =          {},
        Address =       {},
        Edition =       {},
        Month =         {},
        Note =          {},
        summary =       {}
        }
@INCOLLECTION{Incollection,
        AUTHOR =        {},
        TITLE =         {},
        BOOKTITLE =     {},
        PUBLISHER =     {},
        YEAR =          {},
        Editor =        {},
        Volume =        {},
        number =        {},
        Series =        {},
        Type =          {},
        Chapter =       {},
        Pages =         {},
        Address =       {},
        Edition =       {},
        Month =         {},
        Note =          {},
        summary =       {}
        }
@INPROCEEDINGS{Inproceedings,
        AUTHOR =        {},
        TITLE =         {},
        BOOKTITLE =     {},
        YEAR =          {},
        Editor =        {},
        Volume =        {},
        number =        {},
        Series =        {},
        Pages =         {},
        Address =       {},
        Month =         {},
        Organization =  {},
        Publisher =     {},
        Note =          {},
        summary =       {}
        }
@MANUAL{Manual,
        TITLE =         {},
        Author =        {},
        Organization =  {},
        Address =       {},
        Edition =       {},
        Month =         {},
        Year =          {},
        Note =          {},
        summary =       {}
        }
@MASTERSTHESIS{Mastersthesis,
        AUTHOR =        {},
        TITLE =         {},
        SCHOOL =        {},
        YEAR =          {},
        Type =          {},
        Address =       {},
        Month =         {},
        Note =          {},
        summary =       {}
        }
@MISC{Misc,
        Author =        {},
        Title =         {},
        Howpublished =  {},
        Month =         {},
        Year =          {},
        Note =          {},
        summary =       {}
        }
@PHDTHESIS{Phdthesis,
        AUTHOR =        {},
        TITLE =         {},
        SCHOOL =        {},
        YEAR =          {},
        Type =          {},
        Address =       {},
        Month =         {},
        Note =          {},
        summary =       {}
        }
@PROCEEDINGS{Proceedings,
        TITLE =         {},
        YEAR =          {},
        Editor =        {},
        Volume =        {},
        number =        {},
        Series =        {},
        Address =       {},
        Month =         {},
        Organization =  {},
        Publisher =     {},
        Note =          {},
        summary =       {}
        }
@TECHREPORT{Techreport,
        AUTHOR =        {},
        TITLE =         {},
        INSTITUTION =   {},
        YEAR =          {},
        Type =          {},
        Number =        {},
        Address =       {},
        Month =         {},
        Note =          {},
        summary =       {}
        }
@UNPUBLISHED{Unpublished,
        AUTHOR =        {},
        TITLE =         {},
        NOTE =          {},
        Month =         {},
        Year =          {},
        summary =       {}
        }

------------------------------------------------------------------------

% Charm++:
@inproceedings{robson2016runtime,
  title={Runtime coordinated heterogeneous tasks in charm++},
  author={Robson, Michael P and Buch, Ronak and Kale, Laxmikant V},
  booktitle={Proceedings of the Second Internationsl Workshop on Extreme Scale Programming Models and Middleware},
  pages={40--43},
  year={2016},
  organization={IEEE Press}
}

@inproceedings{rodrigues2010comparative,
  title={A comparative analysis of load balancing algorithms applied to a weather forecast model},
  author={Rodrigues, Eduardo R and Navaux, Philippe OA and Panetta, Jairo and Fazenda, Alvaro and Mendes, Celso L and Kale, Laxmikant V},
  booktitle={Computer Architecture and High Performance Computing (SBAC-PAD), 2010 22nd International Symposium on},
  pages={71--78},
  year={2010},
  organization={IEEE}
}

@inproceedings{fazenda2014dynamic,
  title={Dynamic load balancing in GPU-based systems for a MPI program},
  author={Fazenda, Alvaro Luiz and Kale, Laxmikant V and Panetta, Jairo and Rodrigues, Eduardo Rocha and others},
  booktitle={High Performance Computing \& Simulation (HPCS), 2014 International Conference on},
  pages={154--161},
  year={2014},
  organization={IEEE}
}

@inproceedings{tesser2017using,
  title={Using Simulation to Evaluate and Tune the Performance of Dynamic Load Balancing of an Over-decomposed Geophysics Application},
  author={Tesser, Rafael Keller and Schnorr, Lucas Mello and Legrand, Arnaud and Dupros, Fabrice and Navaux, Philippe Olivier Alexandre},
  booktitle={European Conference on Parallel Processing},
  pages={192--205},
  year={2017},
  organization={Springer}
}

@phdthesis{menon2016adaptive,
  title={Adaptive load balancing for HPC applications},
  author={Menon, Gopalakrishnan and Menon, Harshitha},
  year={2016},
  school={University of Illinois at Urbana-Champaign}
}

% Functional Performance Model
@article{zhong2015data,
  title={Data partitioning on multicore and multi-GPU platforms using functional performance models},
  author={Zhong, Ziming and Rychkov, Vladimir and Lastovetsky, Alexey},
  journal={IEEE Transactions on Computers},
  volume={64},
  number={9},
  pages={2506--2518},
  year={2015},
  publisher={IEEE}
}

% Two-level parallelism
@article{garcia2017dynamic,
  title={Dynamic load balancing for hybrid applications},
  author={Garcia Gasulla, Marta},
  year={2017},
  publisher={Universitat Polit{\`e}cnica de Catalunya}
}

@article{garcia2014hints,
  title={Hints to improve automatic load balancing with LeWI for hybrid applications},
  author={Garcia, Marta and Labarta, Jesus and Corbalan, Julita},
  journal={Journal of Parallel and Distributed Computing},
  volume={74},
  number={9},
  pages={2781--2794},
  year={2014},
  publisher={Elsevier}
}

% Graph based partitioning

@inproceedings{catalyurek2007hypergraph,
  title={Hypergraph-based dynamic load balancing for adaptive scientific computations},
  author={Catalyurek, Umit V and Boman, Erik G and Devine, Karen D and Bozdag, Doruk and Heaphy, Robert and Riesen, Lee Ann},
  booktitle={Parallel and Distributed Processing Symposium, 2007. IPDPS 2007. IEEE International},
  pages={1--11},
  year={2007},
  organization={IEEE}
}

% Task based

@article{augonnet2011starpu,
  title={StarPU: a unified platform for task scheduling on heterogeneous multicore architectures},
  author={Augonnet, C{\'e}dric and Thibault, Samuel and Namyst, Raymond and Wacrenier, Pierre-Andr{\'e}},
  journal={Concurrency and Computation: Practice and Experience},
  volume={23},
  number={2},
  pages={187--198},
  year={2011},
  publisher={Wiley Online Library}
}

% Other interesting concepts 
% Distributed array

@inproceedings{huang2015spartan,
  title={Spartan: A Distributed Array Framework with Smart Tiling.},
  author={Huang, Chien-Chin and Chen, Qi and Wang, Zhaoguo and Power, Russell and Ortiz, Jorge and Li, Jinyang and Xiao, Zhen},
  booktitle={USENIX Annual Technical Conference},
  pages={1--15},
  year={2015}
}

% Decoupling data and algorithm

@article{ragan2012decoupling,
  title={Decoupling algorithms from schedules for easy optimization of image processing pipelines},
  author={Ragan-Kelley, Jonathan and Adams, Andrew and Paris, Sylvain and Levoy, Marc and Amarasinghe, Saman and Durand, Fr{\'e}do},
  year={2012},
  publisher={Association for Computing Machinery (ACM)}
}

% Cost model for load balancing
@inproceedings{pearce2012quantifying,
  title={Quantifying the effectiveness of load balance algorithms},
  author={Pearce, Olga and Gamblin, Todd and De Supinski, Bronis R and Schulz, Martin and Amato, Nancy M},
  booktitle={Proceedings of the 26th ACM international conference on Supercomputing},
  pages={185--194},
  year={2012},
  organization={ACM}
}

% Overview and comparison of different graph partitioning algorithms
@article{karypis1998fast,
  title={A fast and high quality multilevel scheme for partitioning irregular graphs},
  author={Karypis, George and Kumar, Vipin},
  journal={SIAM Journal on scientific Computing},
  volume={20},
  number={1},
  pages={359--392},
  year={1998},
  publisher={SIAM}
}

% About NP hard- / complete-ness for balanced partitions 
@article{feldmann2015balanced,
  title={Balanced partitions of trees and applications},
  author={Feldmann, Andreas Emil and Foschini, Luca},
  journal={Algorithmica},
  volume={71},
  number={2},
  pages={354--376},
  year={2015},
  publisher={Springer}
}

% Description of the algorithm used in SCOTCH
@inproceedings{pellegrini1994static,
  title={Static mapping by dual recursive bipartitioning of process architecture graphs},
  author={Pellegrini, Fran{\c{c}}ois},
  booktitle={Scalable High-Performance Computing Conference, 1994., Proceedings of the},
  pages={486--493},
  year={1994},
  organization={IEEE}
}

% Flood Modelling Example that actually addresses regular grids in heterogeneous computing environments
@inproceedings{saxena2015architecture,
  title={Architecture aware resource allocation for structured grid applications: flood modelling case},
  author={Saxena, Vaibhav and George, Thomas and Sabharwal, Yogish and Real, Lucas Villa},
  booktitle={Cluster, Cloud and Grid Computing (CCGrid), 2015 15th IEEE/ACM International Symposium on},
  pages={555--564},
  year={2015},
  organization={IEEE}
}


% Metis paper for multi-constraint algorithm
@inproceedings{karypis1998multilevel,
  title={Multilevel algorithms for multi-constraint graph partitioning},
  author={Karypis, George and Kumar, Vipin},
  booktitle={Proceedings of the 1998 ACM/IEEE conference on Supercomputing},
  pages={1--13},
  year={1998},
  organization={IEEE Computer Society}
}

% Heterogeneous computing overview
@article{mittal2015survey,
  title={A survey of CPU-GPU heterogeneous computing techniques},
  author={Mittal, Sparsh and Vetter, Jeffrey S},
  journal={ACM Computing Surveys (CSUR)},
  volume={47},
  number={4},
  pages={69},
  year={2015},
  publisher={ACM}
}
% MPI4Py reference
@article{dalcin2005mpi,
  title={MPI for Python},
  author={Dalc{\'\i}n, Lisandro and Paz, Rodrigo and Storti, Mario},
  journal={Journal of Parallel and Distributed Computing},
  volume={65},
  number={9},
  pages={1108--1115},
  year={2005},
  publisher={Elsevier}
}

% Burger's equation reference
@article{zhao2011new,
  title={The new numerical method for solving the system of two-dimensional Burgers’ equations},
  author={Zhao, Guozhong and Yu, Xijun and Zhang, Rongpei},
  journal={Computers \& Mathematics with Applications},
  volume={62},
  number={8},
  pages={3279--3291},
  year={2011},
  publisher={Elsevier}
}


